@article{cokolwiek,
   title={An Introduction to Variational Autoencoders},
   volume={12},
   ISSN={1935-8245},
   url={httpdx.doi.org10.15612200000056},
   DOI={10.15612200000056},
   number={4},
   journal={Foundations and Trends® in Machine Learning},
   publisher={Now Publishers},
   author={Kingma, Diederik P. and Welling, Max},
   year={2019},
   pages={307–392}
}

@misc{doersch2021tutorial,
      title={Tutorial on Variational Autoencoders}, 
      author={Carl Doersch},
      year={2021},
      eprint={1606.05908},
      archivePrefix={arXiv},
      primaryClass={stat.ML}
}
